[gd_scene load_steps=12 format=3 uid="uid://bxe38o6vp0ejl"]

[ext_resource type="PackedScene" uid="uid://duoy2i0d2rygi" path="res://assets/models/architecture/floor_A.tscn" id="1_6344x"]
[ext_resource type="PackedScene" uid="uid://fjxxfk72vf7o" path="res://assets/models/architecture/ramp_a.tscn" id="2_supcp"]
[ext_resource type="PackedScene" uid="uid://baq0lglp708tp" path="res://assets/models/architecture/wall_A.tscn" id="3_27cek"]
[ext_resource type="PackedScene" uid="uid://e65gj8nlf2y2" path="res://assets/models/architecture/ceiling_A.tscn" id="4_l4aae"]
[ext_resource type="PackedScene" uid="uid://bqmi1fvhu7t7i" path="res://assets/models/architecture/walkway_a.tscn" id="5_vpey5"]
[ext_resource type="PackedScene" uid="uid://dc8mmyaw133k" path="res://assets/models/architecture/tunnel_entrance_A.tscn" id="6_i5icq"]
[ext_resource type="PackedScene" uid="uid://b8121ffu41dc8" path="res://assets/models/architecture/tunnel_curved_A.tscn" id="7_jg4hs"]
[ext_resource type="PackedScene" uid="uid://dho0m1p05o88u" path="res://assets/models/architecture/tunnel_straight_A.tscn" id="8_joywp"]
[ext_resource type="PackedScene" uid="uid://dsfeehiihuvcx" path="res://assets/models/architecture/room_B.tscn" id="9_4vd4p"]
[ext_resource type="PackedScene" uid="uid://dnke0cju0ioco" path="res://assets/models/props/box_C.tscn" id="10_fhxqa"]
[ext_resource type="PackedScene" uid="uid://clmx1wy4w0vmi" path="res://characters/player/player.tscn" id="11_s2bwa"]

[node name="architecture-demo" type="Node3D"]

[node name="floor" type="Node3D" parent="."]

[node name="floor_A" parent="floor" instance=ExtResource("1_6344x")]

[node name="floor_A2" parent="floor" instance=ExtResource("1_6344x")]
transform = Transform3D(1, 0, 0, 0, 1, 0, 0, 0, 1, 0, 0, 6)

[node name="floor_A3" parent="floor" instance=ExtResource("1_6344x")]
transform = Transform3D(1, 0, 0, 0, 1, 0, 0, 0, 1, 0, 0, 12)

[node name="floor_A4" parent="floor" instance=ExtResource("1_6344x")]
transform = Transform3D(1, 0, 0, 0, 1, 0, 0, 0, 1, 0, 0, 18)

[node name="floor_A5" parent="floor" instance=ExtResource("1_6344x")]
transform = Transform3D(1, 0, 0, 0, 1, 0, 0, 0, 1, 0, 0, 24)

[node name="floor_A6" parent="floor" instance=ExtResource("1_6344x")]
transform = Transform3D(1, 0, 0, 0, 1, 0, 0, 0, 1, -6, 0, 0)

[node name="floor_A7" parent="floor" instance=ExtResource("1_6344x")]
transform = Transform3D(1, 0, 0, 0, 1, 0, 0, 0, 1, -6, 0, 6)

[node name="floor_A8" parent="floor" instance=ExtResource("1_6344x")]
transform = Transform3D(1, 0, 0, 0, 1, 0, 0, 0, 1, -6, 0, 12)

[node name="floor_A9" parent="floor" instance=ExtResource("1_6344x")]
transform = Transform3D(1, 0, 0, 0, 1, 0, 0, 0, 1, -6, 0, 18)

[node name="floor_A10" parent="floor" instance=ExtResource("1_6344x")]
transform = Transform3D(1, 0, 0, 0, 1, 0, 0, 0, 1, -6, 0, 24)

[node name="floor_A11" parent="floor" instance=ExtResource("1_6344x")]
transform = Transform3D(1, 0, 0, 0, 1, 0, 0, 0, 1, -12, 0, 0)

[node name="floor_A15" parent="floor" instance=ExtResource("1_6344x")]
transform = Transform3D(1, 0, 0, 0, 1, 0, 0, 0, 1, -12, 0, 24)

[node name="floor_A16" parent="floor" instance=ExtResource("1_6344x")]
transform = Transform3D(1, 0, 0, 0, 1, 0, 0, 0, 1, -18, 0, 0)

[node name="floor_A20" parent="floor" instance=ExtResource("1_6344x")]
transform = Transform3D(1, 0, 0, 0, 1, 0, 0, 0, 1, -18, 0, 24)

[node name="floor_A21" parent="floor" instance=ExtResource("1_6344x")]
transform = Transform3D(1, 0, 0, 0, 1, 0, 0, 0, 1, -24, 0, 0)

[node name="floor_A22" parent="floor" instance=ExtResource("1_6344x")]
transform = Transform3D(1, 0, 0, 0, 1, 0, 0, 0, 1, -24, 0, 6)

[node name="floor_A23" parent="floor" instance=ExtResource("1_6344x")]
transform = Transform3D(1, 0, 0, 0, 1, 0, 0, 0, 1, -24, 0, 12)

[node name="floor_A24" parent="floor" instance=ExtResource("1_6344x")]
transform = Transform3D(1, 0, 0, 0, 1, 0, 0, 0, 1, -24, 0, 18)

[node name="floor_A25" parent="floor" instance=ExtResource("1_6344x")]
transform = Transform3D(1, 0, 0, 0, 1, 0, 0, 0, 1, -24, 0, 24)

[node name="floor_A26" parent="floor" instance=ExtResource("1_6344x")]
transform = Transform3D(1, 0, 0, 0, 1, 0, 0, 0, 1, -30, 0, 0)

[node name="floor_A27" parent="floor" instance=ExtResource("1_6344x")]
transform = Transform3D(1, 0, 0, 0, 1, 0, 0, 0, 1, -30, 0, 6)

[node name="floor_A28" parent="floor" instance=ExtResource("1_6344x")]
transform = Transform3D(1, 0, 0, 0, 1, 0, 0, 0, 1, -30, 0, 12)

[node name="floor_A29" parent="floor" instance=ExtResource("1_6344x")]
transform = Transform3D(1, 0, 0, 0, 1, 0, 0, 0, 1, -30, 0, 18)

[node name="floor_A30" parent="floor" instance=ExtResource("1_6344x")]
transform = Transform3D(1, 0, 0, 0, 1, 0, 0, 0, 1, -30, 0, 24)

[node name="sub-floor" type="Node3D" parent="."]

[node name="ramp_A" parent="sub-floor" instance=ExtResource("2_supcp")]
transform = Transform3D(1, 0, 0, 0, 1, 0, 0, 0, 1, -12, -3, 6)

[node name="ramp_A2" parent="sub-floor" instance=ExtResource("2_supcp")]
transform = Transform3D(1, 0, 0, 0, 1, 0, 0, 0, 1, -18, -3, 6)

[node name="ramp_A3" parent="sub-floor" instance=ExtResource("2_supcp")]
transform = Transform3D(-1, 0, 8.74228e-08, 0, 1, 0, -8.74228e-08, 0, -1, -18, -3, 18)

[node name="ramp_A4" parent="sub-floor" instance=ExtResource("2_supcp")]
transform = Transform3D(-1, 0, 8.74228e-08, 0, 1, 0, -8.74228e-08, 0, -1, -12, -3, 18)

[node name="floor_A" parent="sub-floor" instance=ExtResource("1_6344x")]
transform = Transform3D(1, 0, 0, 0, 1, 0, 0, 0, 1, -18, -3, 12)

[node name="floor_A2" parent="sub-floor" instance=ExtResource("1_6344x")]
transform = Transform3D(1, 0, 0, 0, 1, 0, 0, 0, 1, -12, -3, 12)

[node name="wall_A" parent="sub-floor" instance=ExtResource("3_27cek")]
transform = Transform3D(-4.37114e-08, 0, -1, 0, 1, 0, 1, 0, -4.37114e-08, -9, -6, 6)

[node name="wall_A2" parent="sub-floor" instance=ExtResource("3_27cek")]
transform = Transform3D(-4.37114e-08, 0, -1, 0, 1, 0, 1, 0, -4.37114e-08, -9, -6, 12)

[node name="wall_A3" parent="sub-floor" instance=ExtResource("3_27cek")]
transform = Transform3D(-4.37114e-08, 0, -1, 0, 1, 0, 1, 0, -4.37114e-08, -9, -6, 18)

[node name="wall_A4" parent="sub-floor" instance=ExtResource("3_27cek")]
transform = Transform3D(-4.37114e-08, 0, 1, 0, 1, 0, -1, 0, -4.37114e-08, -21, -6, 18)

[node name="wall_A5" parent="sub-floor" instance=ExtResource("3_27cek")]
transform = Transform3D(-4.37114e-08, 0, 1, 0, 1, 0, -1, 0, -4.37114e-08, -21, -6, 12)

[node name="wall_A6" parent="sub-floor" instance=ExtResource("3_27cek")]
transform = Transform3D(-4.37114e-08, 0, 1, 0, 1, 0, -1, 0, -4.37114e-08, -21, -6, 6)

[node name="walls" type="Node3D" parent="."]

[node name="wall_A" parent="walls" instance=ExtResource("3_27cek")]
transform = Transform3D(-4.37114e-08, 0, -1, 0, 1, 0, 1, 0, -4.37114e-08, 3, 0, 0)

[node name="wall_A3" parent="walls" instance=ExtResource("3_27cek")]
transform = Transform3D(-4.37114e-08, 0, -1, 0, 1, 0, 1, 0, -4.37114e-08, 3, 0, 6)

[node name="wall_A7" parent="walls" instance=ExtResource("3_27cek")]
transform = Transform3D(-4.37114e-08, 0, -1, 0, 1, 0, 1, 0, -4.37114e-08, 3, 0, 18)

[node name="wall_A9" parent="walls" instance=ExtResource("3_27cek")]
transform = Transform3D(-4.37114e-08, 0, -1, 0, 1, 0, 1, 0, -4.37114e-08, 3, 0, 24)

[node name="wall_A11" parent="walls" instance=ExtResource("3_27cek")]
transform = Transform3D(-1, 0, 8.74228e-08, 0, 1, 0, -8.74228e-08, 0, -1, 0, 0, 27)

[node name="wall_A12" parent="walls" instance=ExtResource("3_27cek")]
transform = Transform3D(-1, 0, 8.74228e-08, 0, 1, 0, -8.74228e-08, 0, -1, 0, 6, 27)

[node name="wall_A13" parent="walls" instance=ExtResource("3_27cek")]
transform = Transform3D(-1, 0, 8.74228e-08, 0, 1, 0, -8.74228e-08, 0, -1, -6, 0, 27)

[node name="wall_A14" parent="walls" instance=ExtResource("3_27cek")]
transform = Transform3D(-1, 0, 8.74228e-08, 0, 1, 0, -8.74228e-08, 0, -1, -6, 6, 27)

[node name="wall_A16" parent="walls" instance=ExtResource("3_27cek")]
transform = Transform3D(-1, 0, 8.74228e-08, 0, 1, 0, -8.74228e-08, 0, -1, -12, 6, 27)

[node name="wall_A17" parent="walls" instance=ExtResource("3_27cek")]
transform = Transform3D(-1, 0, 8.74228e-08, 0, 1, 0, -8.74228e-08, 0, -1, -18, 0, 27)

[node name="wall_A18" parent="walls" instance=ExtResource("3_27cek")]
transform = Transform3D(-1, 0, 8.74228e-08, 0, 1, 0, -8.74228e-08, 0, -1, -18, 6, 27)

[node name="wall_A19" parent="walls" instance=ExtResource("3_27cek")]
transform = Transform3D(-1, 0, 8.74228e-08, 0, 1, 0, -8.74228e-08, 0, -1, -24, 0, 27)

[node name="wall_A20" parent="walls" instance=ExtResource("3_27cek")]
transform = Transform3D(-1, 0, 8.74228e-08, 0, 1, 0, -8.74228e-08, 0, -1, -24, 6, 27)

[node name="wall_A21" parent="walls" instance=ExtResource("3_27cek")]
transform = Transform3D(-1, 0, 8.74228e-08, 0, 1, 0, -8.74228e-08, 0, -1, -30, 0, 27)

[node name="wall_A22" parent="walls" instance=ExtResource("3_27cek")]
transform = Transform3D(-1, 0, 8.74228e-08, 0, 1, 0, -8.74228e-08, 0, -1, -30, 6, 27)

[node name="wall_A23" parent="walls" instance=ExtResource("3_27cek")]
transform = Transform3D(1.31134e-07, 0, 1, 0, 1, 0, -1, 0, 1.31134e-07, -33, 0, 24)

[node name="wall_A29" parent="walls" instance=ExtResource("3_27cek")]
transform = Transform3D(1, 0, -1.74845e-07, 0, 1, 0, 1.74845e-07, 0, 1, -12, 0, -3)

[node name="wall_A31" parent="walls" instance=ExtResource("3_27cek")]
transform = Transform3D(1, 0, -1.74845e-07, 0, 1, 0, 1.74845e-07, 0, 1, -6, 0, -3)

[node name="wall_A30" parent="walls" instance=ExtResource("3_27cek")]
transform = Transform3D(1, 0, -1.74845e-07, 0, 1, 0, 1.74845e-07, 0, 1, -24, 0, -3)

[node name="wall_A32" parent="walls" instance=ExtResource("3_27cek")]
transform = Transform3D(1, 0, -1.74845e-07, 0, 1, 0, 1.74845e-07, 0, 1, -18, 0, -3)

[node name="wall_A33" parent="walls" instance=ExtResource("3_27cek")]
transform = Transform3D(1, 0, -1.74846e-07, 0, 1, 0, 1.74846e-07, 0, 1, -30, 0, -3)

[node name="wall_A34" parent="walls" instance=ExtResource("3_27cek")]
transform = Transform3D(1, 0, -1.74846e-07, 0, 1, 0, 1.74846e-07, 0, 1, -30, 6, -3)

[node name="wall_A36" parent="walls" instance=ExtResource("3_27cek")]
transform = Transform3D(1, 0, -1.74846e-07, 0, 1, 0, 1.74846e-07, 0, 1, -24, 6, -3)

[node name="wall_A38" parent="walls" instance=ExtResource("3_27cek")]
transform = Transform3D(1, 0, -1.74846e-07, 0, 1, 0, 1.74846e-07, 0, 1, -18, 6, -3)

[node name="wall_A40" parent="walls" instance=ExtResource("3_27cek")]
transform = Transform3D(1, 0, -1.74846e-07, 0, 1, 0, 1.74846e-07, 0, 1, -12, 6, -3)

[node name="wall_A42" parent="walls" instance=ExtResource("3_27cek")]
transform = Transform3D(1, 0, -1.74846e-07, 0, 1, 0, 1.74846e-07, 0, 1, -6, 6, -3)

[node name="wall_A43" parent="walls" instance=ExtResource("3_27cek")]
transform = Transform3D(1, 0, -1.74846e-07, 0, 1, 0, 1.74846e-07, 0, 1, 0, 0, -3)

[node name="wall_A44" parent="walls" instance=ExtResource("3_27cek")]
transform = Transform3D(1, 0, -1.74846e-07, 0, 1, 0, 1.74846e-07, 0, 1, 0, 6, -3)

[node name="ceiling" type="Node3D" parent="."]

[node name="flat" type="Node3D" parent="ceiling"]

[node name="ceiling_A" parent="ceiling/flat" instance=ExtResource("4_l4aae")]
transform = Transform3D(1, 0, 0, 0, 1, 0, 0, 0, 1, -6, 6, 0)

[node name="ceiling_A2" parent="ceiling/flat" instance=ExtResource("4_l4aae")]
transform = Transform3D(1, 0, 0, 0, 1, 0, 0, 0, 1, -12, 6, 0)

[node name="ceiling_A3" parent="ceiling/flat" instance=ExtResource("4_l4aae")]
transform = Transform3D(1, 0, 0, 0, 1, 0, 0, 0, 1, -18, 6, 0)

[node name="ceiling_A4" parent="ceiling/flat" instance=ExtResource("4_l4aae")]
transform = Transform3D(1, 0, 0, 0, 1, 0, 0, 0, 1, -24, 6, 0)

[node name="ceiling_A5" parent="ceiling/flat" instance=ExtResource("4_l4aae")]
transform = Transform3D(1, 0, 0, 0, 1, 0, 0, 0, 1, -6, 6, 6)

[node name="ceiling_A6" parent="ceiling/flat" instance=ExtResource("4_l4aae")]
transform = Transform3D(1, 0, 0, 0, 1, 0, 0, 0, 1, -12, 6, 6)

[node name="ceiling_A7" parent="ceiling/flat" instance=ExtResource("4_l4aae")]
transform = Transform3D(1, 0, 0, 0, 1, 0, 0, 0, 1, -18, 6, 6)

[node name="ceiling_A8" parent="ceiling/flat" instance=ExtResource("4_l4aae")]
transform = Transform3D(1, 0, 0, 0, 1, 0, 0, 0, 1, -24, 6, 6)

[node name="ceiling_A9" parent="ceiling/flat" instance=ExtResource("4_l4aae")]
transform = Transform3D(1, 0, 0, 0, 1, 0, 0, 0, 1, -6, 6, 12)

[node name="ceiling_A10" parent="ceiling/flat" instance=ExtResource("4_l4aae")]
transform = Transform3D(1, 0, 0, 0, 1, 0, 0, 0, 1, -12, 6, 12)

[node name="ceiling_A11" parent="ceiling/flat" instance=ExtResource("4_l4aae")]
transform = Transform3D(1, 0, 0, 0, 1, 0, 0, 0, 1, -18, 6, 12)

[node name="ceiling_A12" parent="ceiling/flat" instance=ExtResource("4_l4aae")]
transform = Transform3D(1, 0, 0, 0, 1, 0, 0, 0, 1, -24, 6, 12)

[node name="ceiling_A13" parent="ceiling/flat" instance=ExtResource("4_l4aae")]
transform = Transform3D(1, 0, 0, 0, 1, 0, 0, 0, 1, -6, 6, 18)

[node name="ceiling_A14" parent="ceiling/flat" instance=ExtResource("4_l4aae")]
transform = Transform3D(1, 0, 0, 0, 1, 0, 0, 0, 1, -12, 6, 18)

[node name="ceiling_A15" parent="ceiling/flat" instance=ExtResource("4_l4aae")]
transform = Transform3D(1, 0, 0, 0, 1, 0, 0, 0, 1, -18, 6, 18)

[node name="ceiling_A16" parent="ceiling/flat" instance=ExtResource("4_l4aae")]
transform = Transform3D(1, 0, 0, 0, 1, 0, 0, 0, 1, -24, 6, 18)

[node name="ceiling_A17" parent="ceiling/flat" instance=ExtResource("4_l4aae")]
transform = Transform3D(1, 0, 0, 0, 1, 0, 0, 0, 1, -6, 6, 24)

[node name="ceiling_A18" parent="ceiling/flat" instance=ExtResource("4_l4aae")]
transform = Transform3D(1, 0, 0, 0, 1, 0, 0, 0, 1, -12, 6, 24)

[node name="ceiling_A19" parent="ceiling/flat" instance=ExtResource("4_l4aae")]
transform = Transform3D(1, 0, 0, 0, 1, 0, 0, 0, 1, -18, 6, 24)

[node name="ceiling_A20" parent="ceiling/flat" instance=ExtResource("4_l4aae")]
transform = Transform3D(1, 0, 0, 0, 1, 0, 0, 0, 1, -24, 6, 24)

[node name="not-flat" type="Node3D" parent="ceiling"]

[node name="ramp_A" parent="ceiling/not-flat" instance=ExtResource("2_supcp")]
transform = Transform3D(4.37114e-08, 8.74228e-08, 1, 3.82137e-15, -1, 8.74228e-08, 1, 0, -4.37114e-08, -30, 9, 0)

[node name="ramp_A2" parent="ceiling/not-flat" instance=ExtResource("2_supcp")]
transform = Transform3D(4.37114e-08, 8.74228e-08, 1, 3.82137e-15, -1, 8.74228e-08, 1, 0, -4.37114e-08, -30, 9, 6)

[node name="ramp_A3" parent="ceiling/not-flat" instance=ExtResource("2_supcp")]
transform = Transform3D(4.37114e-08, 8.74228e-08, 1, 3.82137e-15, -1, 8.74228e-08, 1, 0, -4.37114e-08, -30, 9, 12)

[node name="ramp_A4" parent="ceiling/not-flat" instance=ExtResource("2_supcp")]
transform = Transform3D(4.37114e-08, 8.74228e-08, 1, 3.82137e-15, -1, 8.74228e-08, 1, 0, -4.37114e-08, -30, 9, 18)

[node name="ramp_A5" parent="ceiling/not-flat" instance=ExtResource("2_supcp")]
transform = Transform3D(4.37114e-08, 8.74228e-08, 1, 3.82137e-15, -1, 8.74228e-08, 1, 0, -4.37114e-08, -30, 9, 24)

[node name="ramp_A6" parent="ceiling/not-flat" instance=ExtResource("2_supcp")]
transform = Transform3D(4.37114e-08, -8.74228e-08, -1, 3.82137e-15, -1, 8.74228e-08, -1, -7.64274e-15, -4.37114e-08, -9.53674e-07, 9, 24)

[node name="ramp_A7" parent="ceiling/not-flat" instance=ExtResource("2_supcp")]
transform = Transform3D(4.37114e-08, -8.74228e-08, -1, 3.82137e-15, -1, 8.74228e-08, -1, -7.64274e-15, -4.37114e-08, -9.53674e-07, 9, 18)

[node name="ramp_A8" parent="ceiling/not-flat" instance=ExtResource("2_supcp")]
transform = Transform3D(4.37114e-08, -8.74228e-08, -1, 3.82137e-15, -1, 8.74228e-08, -1, -7.64274e-15, -4.37114e-08, 0, 9, 12)

[node name="ramp_A9" parent="ceiling/not-flat" instance=ExtResource("2_supcp")]
transform = Transform3D(4.37114e-08, -8.74228e-08, -1, 3.82137e-15, -1, 8.74228e-08, -1, -7.64274e-15, -4.37114e-08, 4.76837e-07, 9, 6)

[node name="ramp_A10" parent="ceiling/not-flat" instance=ExtResource("2_supcp")]
transform = Transform3D(4.37114e-08, -8.74228e-08, -1, 3.82137e-15, -1, 8.74228e-08, -1, -7.64274e-15, -4.37114e-08, 9.53674e-07, 9, 0)

[node name="bridge" type="Node3D" parent="."]

[node name="ramp_A" parent="bridge" instance=ExtResource("2_supcp")]
transform = Transform3D(-4.37114e-08, 0, 1, 0, 1, 0, -1, 0, -4.37114e-08, -3, -1, 12)

[node name="ramp_A2" parent="bridge" instance=ExtResource("2_supcp")]
transform = Transform3D(-4.37114e-08, 0, -1, 0, 1, 0, 1, 0, -4.37114e-08, -27, -1, 12)

[node name="walkway_A" parent="bridge" instance=ExtResource("5_vpey5")]
transform = Transform3D(1, 0, 0, 0, 1, 0, 0, 0, 1, -9, 2, 12)

[node name="walkway_A2" parent="bridge" instance=ExtResource("5_vpey5")]
transform = Transform3D(1, 0, 0, 0, 1, 0, 0, 0, 1, -15, 2, 12)

[node name="walkway_A3" parent="bridge" instance=ExtResource("5_vpey5")]
transform = Transform3D(1, 0, 0, 0, 1, 0, 0, 0, 1, -21, 2, 12)

[node name="OmniLight3D" type="OmniLight3D" parent="."]
transform = Transform3D(1, 0, 0, 0, 1, 0, 0, 0, 1, -24, 4, 24)
light_energy = 2.5
shadow_enabled = true
omni_range = 100.0

[node name="OmniLight3D2" type="OmniLight3D" parent="."]
transform = Transform3D(1, 0, 0, 0, 1, 0, 0, 0, 1, -6, 4, 24)
light_energy = 2.5
shadow_enabled = true
omni_range = 100.0

[node name="OmniLight3D3" type="OmniLight3D" parent="."]
transform = Transform3D(1, 0, 0, 0, 1, 0, 0, 0, 1, -6, 4, 0)
light_energy = 2.5
shadow_enabled = true
omni_range = 100.0

[node name="OmniLight3D4" type="OmniLight3D" parent="."]
transform = Transform3D(1, 0, 0, 0, 1, 0, 0, 0, 1, -24, 6, 0)
light_energy = 2.5
shadow_enabled = true
omni_range = 100.0

[node name="OmniLight3D5" type="OmniLight3D" parent="."]
transform = Transform3D(1, 0, 0, 0, 1, 0, 0, 0, 1, -16, 9, 12)
light_energy = 2.5
shadow_enabled = true
omni_range = 100.0

[node name="tunnel_entrance_A" parent="." instance=ExtResource("6_i5icq")]
transform = Transform3D(-1, 0, 8.74228e-08, 0, 1, 0, -8.74228e-08, 0, -1, -12, 0, 30)

[node name="tunnel_curved_A" parent="tunnel_entrance_A" instance=ExtResource("7_jg4hs")]
transform = Transform3D(1, 0, 0, 0, 1, 0, 0, 0, 1, -9.53674e-07, 0, -12)

[node name="tunnel_curved_A2" parent="tunnel_entrance_A" instance=ExtResource("7_jg4hs")]
transform = Transform3D(-4.37114e-08, 0, 1, 0, 1, 0, -1, 0, -4.37114e-08, -30, 0, -12)

[node name="tunnel_curved_A3" parent="tunnel_entrance_A" instance=ExtResource("7_jg4hs")]
transform = Transform3D(-1, 0, -8.74228e-08, 0, 1, 0, 8.74228e-08, 0, -1, -30, 0, 18)

[node name="tunnel_straight_A" parent="tunnel_entrance_A" instance=ExtResource("8_joywp")]
transform = Transform3D(-4.37114e-08, 0, 1, 0, 1, 0, -1, 0, -4.37114e-08, -12, 0, -12)

[node name="tunnel_straight_A2" parent="tunnel_entrance_A" instance=ExtResource("8_joywp")]
transform = Transform3D(-4.37114e-08, 0, 1, 0, 1, 0, -1, 0, -4.37114e-08, -18, 0, -12)

[node name="tunnel_straight_A3" parent="tunnel_entrance_A" instance=ExtResource("8_joywp")]
transform = Transform3D(1, 0, 7.10543e-15, 0, 1, 0, -7.10543e-15, 0, 1, -30, 0, 5.72205e-06)

[node name="tunnel_straight_A4" parent="tunnel_entrance_A" instance=ExtResource("8_joywp")]
transform = Transform3D(1, 0, 7.10543e-15, 0, 1, 0, -7.10543e-15, 0, 1, -30, 0, 6.00001)

[node name="tunnel_entrance_A2" parent="tunnel_entrance_A" instance=ExtResource("6_i5icq")]
transform = Transform3D(-4.37114e-08, 0, 1, 0, 1, 0, -1, 0, -4.37114e-08, -18, 0, 18)

[node name="SpotLight3D" type="SpotLight3D" parent="tunnel_entrance_A"]
transform = Transform3D(1, -8.74228e-08, -8.74228e-08, 8.74228e-08, -4.37114e-08, 1, -8.74228e-08, -1, -4.37114e-08, 0, 6, 0)
light_energy = 2.0
spot_range = 7.787

[node name="SpotLight3D2" type="SpotLight3D" parent="tunnel_entrance_A"]
transform = Transform3D(1, -8.74228e-08, -8.74228e-08, 8.74228e-08, -4.37114e-08, 1, -8.74228e-08, -1, -4.37114e-08, -9.53674e-07, 6, -12)
light_energy = 2.0
spot_range = 7.787

[node name="SpotLight3D3" type="SpotLight3D" parent="tunnel_entrance_A"]
transform = Transform3D(1, -8.74228e-08, -8.74228e-08, 8.74228e-08, -4.37114e-08, 1, -8.74228e-08, -1, -4.37114e-08, -12, 6, -12)
light_energy = 2.0
spot_range = 7.787

[node name="SpotLight3D4" type="SpotLight3D" parent="tunnel_entrance_A"]
transform = Transform3D(1, -8.74228e-08, -8.74228e-08, 8.74228e-08, -4.37114e-08, 1, -8.74228e-08, -1, -4.37114e-08, -24, 6, -12)
light_energy = 2.0
spot_range = 7.787

[node name="SpotLight3D5" type="SpotLight3D" parent="tunnel_entrance_A"]
transform = Transform3D(1, -8.74228e-08, -8.74228e-08, 8.74228e-08, -4.37114e-08, 1, -8.74228e-08, -1, -4.37114e-08, -30, 6, -6)
light_energy = 2.0
spot_range = 7.787

[node name="SpotLight3D6" type="SpotLight3D" parent="tunnel_entrance_A"]
transform = Transform3D(1, -8.74228e-08, -8.74228e-08, 8.74228e-08, -4.37114e-08, 1, -8.74228e-08, -1, -4.37114e-08, -30, 6, 6)
light_energy = 2.0
spot_range = 7.787

[node name="SpotLight3D7" type="SpotLight3D" parent="tunnel_entrance_A"]
transform = Transform3D(1, -8.74228e-08, -8.74228e-08, 8.74228e-08, -4.37114e-08, 1, -8.74228e-08, -1, -4.37114e-08, -30, 6, 18)
light_energy = 2.0
spot_range = 7.787

[node name="SpotLight3D8" type="SpotLight3D" parent="tunnel_entrance_A"]
transform = Transform3D(1, -8.74228e-08, -8.74228e-08, 8.74228e-08, -4.37114e-08, 1, -8.74228e-08, -1, -4.37114e-08, -18, 6, 18)
light_energy = 2.0
spot_range = 7.787

[node name="rooms" type="Node3D" parent="."]

[node name="room_B" parent="rooms" instance=ExtResource("9_4vd4p")]
transform = Transform3D(-1, 0, -8.74228e-08, 0, 1, 0, 8.74228e-08, 0, -1, -33, 0, 6)

[node name="room_B2" parent="rooms" instance=ExtResource("9_4vd4p")]
transform = Transform3D(-1, 0, -8.74228e-08, 0, 1, 0, 8.74228e-08, 0, -1, -33, 0, 18)
open_door = true

[node name="OmniLight3D2" type="OmniLight3D" parent="rooms"]
transform = Transform3D(-4.37114e-08, 0, 1, 0, 1, 0, -1, 0, -4.37114e-08, -35, 2, 18)
shadow_enabled = true

[node name="boxes" type="Node3D" parent="."]

[node name="box_C" parent="boxes" instance=ExtResource("10_fhxqa")]
transform = Transform3D(1, 0, 0, 0, 1, 0, 0, 0, 1, -4, 0, 5)

[node name="box_C2" parent="boxes" instance=ExtResource("10_fhxqa")]
transform = Transform3D(1, 0, 0, 0, 1, 0, 0, 0, 1, -4, 0, 21)

[node name="box_C3" parent="boxes" instance=ExtResource("10_fhxqa")]
transform = Transform3D(1, 0, 0, 0, 1, 0, 0, 0, 1, -24, 0, 18)

[node name="box_C4" parent="boxes" instance=ExtResource("10_fhxqa")]
transform = Transform3D(1, 0, 0, 0, 1, 0, 0, 0, 1, -25, 0, 4)

[node name="platforms" parent="." instance=ExtResource("2_supcp")]
transform = Transform3D(-4.37114e-08, 0, -1, 0, 1, 0, 1, 0, -4.37114e-08, -28, 1, -3)

[node name="walkway_A" parent="platforms" instance=ExtResource("5_vpey5")]
transform = Transform3D(1, 0, 0, 0, 1, 0, 0, 0, 1, 2.99999, 6, -12)

[node name="walkway_A4" parent="platforms" instance=ExtResource("5_vpey5")]
transform = Transform3D(1, 0, 0, 0, 1, 0, 0, 0, 1, 15, 6, -12)

[node name="walkway_A6" parent="platforms" instance=ExtResource("5_vpey5")]
transform = Transform3D(1, 0, 0, 0, 1, 0, 0, 0, 1, 27, 6, -12)

[node name="walkway_A3" parent="platforms" instance=ExtResource("5_vpey5")]
transform = Transform3D(1, 0, 0, 0, 1, 0, 0, 0, 1, -7.39098e-06, 0, -6)

[node name="ramp_A2" parent="platforms" instance=ExtResource("2_supcp")]
transform = Transform3D(1, 0, 0, 0, 1, 0, 0, 0, 1, -2.38419e-07, 3, -6)

[node name="player" parent="." instance=ExtResource("11_s2bwa")]
