[gd_scene load_steps=8 format=3 uid="uid://dvwrg7awiwmfs"]

[sub_resource type="StandardMaterial3D" id="StandardMaterial3D_nfhph"]
albedo_color = Color(0.517013, 0.570658, 0.71085, 1)
roughness = 0.2

[sub_resource type="BoxMesh" id="BoxMesh_ltgps"]
material = SubResource("StandardMaterial3D_nfhph")
size = Vector3(20, 1, 20)

[sub_resource type="BoxShape3D" id="BoxShape3D_l26o8"]
size = Vector3(20, 1, 20)

[sub_resource type="BoxMesh" id="BoxMesh_q26ad"]
material = SubResource("StandardMaterial3D_nfhph")
size = Vector3(0.5, 2, 6)

[sub_resource type="BoxShape3D" id="BoxShape3D_7fpxw"]
size = Vector3(0.5, 2, 6)

[sub_resource type="BoxMesh" id="BoxMesh_j541k"]
material = SubResource("StandardMaterial3D_nfhph")
size = Vector3(4, 0.5, 4)

[sub_resource type="BoxShape3D" id="BoxShape3D_of4cw"]
size = Vector3(4, 0.5, 4)

[node name="pathfind_world" type="Node3D"]

[node name="Ground" type="StaticBody3D" parent="."]

[node name="MeshInstance3D" type="MeshInstance3D" parent="Ground"]
transform = Transform3D(1, 0, 0, 0, 1, 0, 0, 0, 1, 0, -0.5, 0)
mesh = SubResource("BoxMesh_ltgps")

[node name="CollisionShape3D" type="CollisionShape3D" parent="Ground"]
transform = Transform3D(1, 0, 0, 0, 1, 0, 0, 0, 1, 0, -0.5, 0)
shape = SubResource("BoxShape3D_l26o8")

[node name="Wall" type="StaticBody3D" parent="."]
transform = Transform3D(1, 0, 0, 0, 1, 0, 0, 0, 1, -0.0147905, 2.01395, 0.00772095)

[node name="MeshInstance3D" type="MeshInstance3D" parent="Wall"]
transform = Transform3D(1, 0, 0, 0, 1, 0, 0, 0, 1, 0, -1, 0)
mesh = SubResource("BoxMesh_q26ad")

[node name="CollisionShape3D" type="CollisionShape3D" parent="Wall"]
transform = Transform3D(1, 0, 0, 0, 1, 0, 0, 0, 1, 0, -1, 0)
shape = SubResource("BoxShape3D_7fpxw")

[node name="Platform" type="StaticBody3D" parent="."]
transform = Transform3D(1, 0, 0, 0, 1, 0, 0, 0, 1, 6.45463, 1.27212, 0.00852942)

[node name="MeshInstance3D" type="MeshInstance3D" parent="Platform"]
mesh = SubResource("BoxMesh_j541k")

[node name="CollisionShape3D" type="CollisionShape3D" parent="Platform"]
shape = SubResource("BoxShape3D_of4cw")
