[gd_scene load_steps=22 format=3 uid="uid://cbvlwg2jxmivj"]

[ext_resource type="Script" path="res://addons/beehave/nodes/beehave_tree.gd" id="1_wt3w7"]
[ext_resource type="Script" path="res://addons/beehave/nodes/composites/selector.gd" id="2_ln56t"]
[ext_resource type="Script" path="res://addons/beehave/nodes/composites/sequence.gd" id="3_o3alr"]
[ext_resource type="Script" path="res://addons/beehave/nodes/decorators/inverter.gd" id="4_6cwuw"]
[ext_resource type="Script" path="res://characters/behavior_trees/is_alert.gd" id="5_scj74"]
[ext_resource type="Script" path="res://characters/behavior_trees/set_walk_speed.gd" id="6_j3uaa"]
[ext_resource type="Script" path="res://characters/behavior_trees/is_standing_still.gd" id="7_75qc1"]
[ext_resource type="Script" path="res://characters/behavior_trees/has_reached_point.gd" id="8_6xrj8"]
[ext_resource type="Script" path="res://characters/behavior_trees/pick_random_position_idle.gd" id="9_nb0ew"]
[ext_resource type="Script" path="res://characters/behavior_trees/face_position.gd" id="10_7e1i4"]
[ext_resource type="Script" path="res://characters/behavior_trees/move_to_position.gd" id="11_pbkga"]
[ext_resource type="Script" path="res://characters/behavior_trees/idle_stand_still.gd" id="12_hd6kl"]
[ext_resource type="Script" path="res://characters/behavior_trees/has_seen_enemy.gd" id="13_pfg7q"]
[ext_resource type="Script" path="res://characters/behavior_trees/set_run_speed.gd" id="14_hpruf"]
[ext_resource type="Script" path="res://characters/behavior_trees/pick_random_position_search.gd" id="15_hekl0"]
[ext_resource type="Script" path="res://characters/behavior_trees/is_in_good_position.gd" id="16_r4poy"]
[ext_resource type="Script" path="res://characters/behavior_trees/pick_cover_spot.gd" id="17_x6xb6"]
[ext_resource type="Script" path="res://characters/behavior_trees/is_player_line_of_sight.gd" id="18_ofprm"]
[ext_resource type="Script" path="res://characters/behavior_trees/face_player_position.gd" id="19_md5fo"]
[ext_resource type="Script" path="res://characters/behavior_trees/print_hello_world.gd" id="20_ox5nd"]
[ext_resource type="Script" path="res://characters/behavior_trees/run_stopper.gd" id="21_r8phi"]

[node name="Robot1_beehave" type="Node" node_paths=PackedStringArray("blackboard", "actor")]
script = ExtResource("1_wt3w7")
blackboard = NodePath("@Node@17285")
actor = NodePath("")

[node name="SelectorComposite" type="Node" parent="."]
script = ExtResource("2_ln56t")

[node name="Idle (NotAlert)" type="Node" parent="SelectorComposite"]
script = ExtResource("3_o3alr")

[node name="NotIsAlert" type="Node" parent="SelectorComposite/Idle (NotAlert)"]
script = ExtResource("4_6cwuw")

[node name="IsAlert" type="Node" parent="SelectorComposite/Idle (NotAlert)/NotIsAlert"]
script = ExtResource("5_scj74")

[node name="SetWalkSpeed" type="Node" parent="SelectorComposite/Idle (NotAlert)"]
script = ExtResource("6_j3uaa")

[node name="Idle" type="Node" parent="SelectorComposite/Idle (NotAlert)"]
script = ExtResource("2_ln56t")

[node name="IsStandingStill" type="Node" parent="SelectorComposite/Idle (NotAlert)/Idle"]
script = ExtResource("7_75qc1")

[node name="IdlePickPosition" type="Node" parent="SelectorComposite/Idle (NotAlert)/Idle"]
script = ExtResource("3_o3alr")

[node name="HasReachedPoint" type="Node" parent="SelectorComposite/Idle (NotAlert)/Idle/IdlePickPosition"]
script = ExtResource("8_6xrj8")

[node name="PickRandomPositionIdle" type="Node" parent="SelectorComposite/Idle (NotAlert)/Idle/IdlePickPosition"]
script = ExtResource("9_nb0ew")

[node name="IdleWalk" type="Node" parent="SelectorComposite/Idle (NotAlert)/Idle"]
script = ExtResource("3_o3alr")

[node name="FacePosition" type="Node" parent="SelectorComposite/Idle (NotAlert)/Idle/IdleWalk"]
script = ExtResource("10_7e1i4")

[node name="MoveToPosition" type="Node" parent="SelectorComposite/Idle (NotAlert)/Idle/IdleWalk"]
script = ExtResource("11_pbkga")

[node name="HasReachedPoint" type="Node" parent="SelectorComposite/Idle (NotAlert)/Idle/IdleWalk"]
script = ExtResource("8_6xrj8")

[node name="IdleStandStill" type="Node" parent="SelectorComposite/Idle (NotAlert)/Idle/IdleWalk"]
script = ExtResource("12_hd6kl")

[node name="IsAlert" type="Node" parent="SelectorComposite"]
script = ExtResource("3_o3alr")

[node name="IsAlert" type="Node" parent="SelectorComposite/IsAlert"]
script = ExtResource("5_scj74")

[node name="AlertBehavior" type="Node" parent="SelectorComposite/IsAlert"]
script = ExtResource("2_ln56t")

[node name="Search (NotKnowsPosition)" type="Node" parent="SelectorComposite/IsAlert/AlertBehavior"]
script = ExtResource("3_o3alr")

[node name="NotHasSeenEnemy" type="Node" parent="SelectorComposite/IsAlert/AlertBehavior/Search (NotKnowsPosition)"]
script = ExtResource("4_6cwuw")

[node name="HasSeenEnemy" type="Node" parent="SelectorComposite/IsAlert/AlertBehavior/Search (NotKnowsPosition)/NotHasSeenEnemy"]
script = ExtResource("13_pfg7q")

[node name="SetRunSpeed" type="Node" parent="SelectorComposite/IsAlert/AlertBehavior/Search (NotKnowsPosition)"]
script = ExtResource("14_hpruf")

[node name="SearchRunAround" type="Node" parent="SelectorComposite/IsAlert/AlertBehavior/Search (NotKnowsPosition)"]
script = ExtResource("2_ln56t")

[node name="SearchPickPosition" type="Node" parent="SelectorComposite/IsAlert/AlertBehavior/Search (NotKnowsPosition)/SearchRunAround"]
script = ExtResource("3_o3alr")

[node name="HasReachedPoint" type="Node" parent="SelectorComposite/IsAlert/AlertBehavior/Search (NotKnowsPosition)/SearchRunAround/SearchPickPosition"]
script = ExtResource("8_6xrj8")

[node name="PickRandomPositionSearch" type="Node" parent="SelectorComposite/IsAlert/AlertBehavior/Search (NotKnowsPosition)/SearchRunAround/SearchPickPosition"]
script = ExtResource("15_hekl0")

[node name="SearchRun" type="Node" parent="SelectorComposite/IsAlert/AlertBehavior/Search (NotKnowsPosition)/SearchRunAround"]
script = ExtResource("3_o3alr")

[node name="FacePosition" type="Node" parent="SelectorComposite/IsAlert/AlertBehavior/Search (NotKnowsPosition)/SearchRunAround/SearchRun"]
script = ExtResource("10_7e1i4")

[node name="MoveToPosition" type="Node" parent="SelectorComposite/IsAlert/AlertBehavior/Search (NotKnowsPosition)/SearchRunAround/SearchRun"]
script = ExtResource("11_pbkga")

[node name="HasReachedPoint" type="Node" parent="SelectorComposite/IsAlert/AlertBehavior/Search (NotKnowsPosition)/SearchRunAround/SearchRun"]
script = ExtResource("8_6xrj8")

[node name="KnowsPlayerPosition" type="Node" parent="SelectorComposite/IsAlert/AlertBehavior"]
script = ExtResource("3_o3alr")

[node name="HasSeenEnemy" type="Node" parent="SelectorComposite/IsAlert/AlertBehavior/KnowsPlayerPosition"]
script = ExtResource("13_pfg7q")

[node name="SelectorComposite" type="Node" parent="SelectorComposite/IsAlert/AlertBehavior/KnowsPlayerPosition"]
script = ExtResource("2_ln56t")

[node name="NotInPositionMove" type="Node" parent="SelectorComposite/IsAlert/AlertBehavior/KnowsPlayerPosition/SelectorComposite"]
script = ExtResource("3_o3alr")

[node name="IsNotInGoodPosition" type="Node" parent="SelectorComposite/IsAlert/AlertBehavior/KnowsPlayerPosition/SelectorComposite/NotInPositionMove"]
script = ExtResource("4_6cwuw")

[node name="IsInGoodPosition" type="Node" parent="SelectorComposite/IsAlert/AlertBehavior/KnowsPlayerPosition/SelectorComposite/NotInPositionMove/IsNotInGoodPosition"]
script = ExtResource("16_r4poy")

[node name="ChooseCover" type="Node" parent="SelectorComposite/IsAlert/AlertBehavior/KnowsPlayerPosition/SelectorComposite/NotInPositionMove"]
script = ExtResource("3_o3alr")

[node name="SetRunSpeed" type="Node" parent="SelectorComposite/IsAlert/AlertBehavior/KnowsPlayerPosition/SelectorComposite/NotInPositionMove/ChooseCover"]
script = ExtResource("14_hpruf")

[node name="FindCover" type="Node" parent="SelectorComposite/IsAlert/AlertBehavior/KnowsPlayerPosition/SelectorComposite/NotInPositionMove/ChooseCover"]
script = ExtResource("3_o3alr")

[node name="PickCoverSpot" type="Node" parent="SelectorComposite/IsAlert/AlertBehavior/KnowsPlayerPosition/SelectorComposite/NotInPositionMove/ChooseCover/FindCover"]
script = ExtResource("17_x6xb6")

[node name="MoveToPosition" type="Node" parent="SelectorComposite/IsAlert/AlertBehavior/KnowsPlayerPosition/SelectorComposite/NotInPositionMove/ChooseCover/FindCover"]
script = ExtResource("11_pbkga")

[node name="FacePlayerOrDirection" type="Node" parent="SelectorComposite/IsAlert/AlertBehavior/KnowsPlayerPosition/SelectorComposite/NotInPositionMove/ChooseCover/FindCover"]
script = ExtResource("2_ln56t")

[node name="PlayerNotLineOfSight" type="Node" parent="SelectorComposite/IsAlert/AlertBehavior/KnowsPlayerPosition/SelectorComposite/NotInPositionMove/ChooseCover/FindCover/FacePlayerOrDirection"]
script = ExtResource("3_o3alr")

[node name="NotIsPlayerLineOfSight" type="Node" parent="SelectorComposite/IsAlert/AlertBehavior/KnowsPlayerPosition/SelectorComposite/NotInPositionMove/ChooseCover/FindCover/FacePlayerOrDirection/PlayerNotLineOfSight"]
script = ExtResource("4_6cwuw")

[node name="IsPlayerLineOfSight" type="Node" parent="SelectorComposite/IsAlert/AlertBehavior/KnowsPlayerPosition/SelectorComposite/NotInPositionMove/ChooseCover/FindCover/FacePlayerOrDirection/PlayerNotLineOfSight/NotIsPlayerLineOfSight"]
script = ExtResource("18_ofprm")

[node name="FacePosition" type="Node" parent="SelectorComposite/IsAlert/AlertBehavior/KnowsPlayerPosition/SelectorComposite/NotInPositionMove/ChooseCover/FindCover/FacePlayerOrDirection/PlayerNotLineOfSight"]
script = ExtResource("10_7e1i4")

[node name="PlayerLineOfSight" type="Node" parent="SelectorComposite/IsAlert/AlertBehavior/KnowsPlayerPosition/SelectorComposite/NotInPositionMove/ChooseCover/FindCover/FacePlayerOrDirection"]
script = ExtResource("3_o3alr")

[node name="IsPlayerLineOfSight" type="Node" parent="SelectorComposite/IsAlert/AlertBehavior/KnowsPlayerPosition/SelectorComposite/NotInPositionMove/ChooseCover/FindCover/FacePlayerOrDirection/PlayerLineOfSight"]
script = ExtResource("18_ofprm")

[node name="FacePlayerPosition" type="Node" parent="SelectorComposite/IsAlert/AlertBehavior/KnowsPlayerPosition/SelectorComposite/NotInPositionMove/ChooseCover/FindCover/FacePlayerOrDirection/PlayerLineOfSight"]
script = ExtResource("19_md5fo")

[node name="InOkPosition" type="Node" parent="SelectorComposite/IsAlert/AlertBehavior/KnowsPlayerPosition/SelectorComposite"]
script = ExtResource("3_o3alr")

[node name="IsInGoodPosition" type="Node" parent="SelectorComposite/IsAlert/AlertBehavior/KnowsPlayerPosition/SelectorComposite/InOkPosition"]
script = ExtResource("16_r4poy")

[node name="FacePlayerPosition" type="Node" parent="SelectorComposite/IsAlert/AlertBehavior/KnowsPlayerPosition/SelectorComposite/InOkPosition"]
script = ExtResource("19_md5fo")

[node name="TheBin" type="Node" parent="SelectorComposite"]
script = ExtResource("2_ln56t")

[node name="RunStopper" type="Node" parent="SelectorComposite/TheBin"]
script = ExtResource("21_r8phi")

[node name="PrintHelloWorld2" type="Node" parent="SelectorComposite/TheBin/RunStopper"]
script = ExtResource("20_ox5nd")

[node name="SelectorComposite" type="Node" parent="SelectorComposite/TheBin/RunStopper"]
script = ExtResource("2_ln56t")

[node name="PrintHelloWorld" type="Node" parent="SelectorComposite/TheBin/RunStopper"]
script = ExtResource("20_ox5nd")
